@book{armstrong-basictop,
  title={Basic Topology},
  author={Armstrong, M.A.},
  isbn={0-387-90839-0},
  year={1983},
  publisher={Springer-Verlag}
}
@book{loday-cyclic,
  title={Basic Topology},
  author={Armstrong, M.A.},
  isbn={0-387-90839-0},
  year={1983},
  publisher={Springer-Verlag}
}
@book{simp-maye,
  title={Simplicial Objects in Algebraic Topology},
  author={Peter May, J},
  isbn={0-226-51181-2},
  year={1967},
  publisher={The University of Chicago Press}
}